@book{Kreith:2019,
  author    = {Frank Kreith and D. Yogi Goswami},
  title     = {Principles of Energy Conversion},
  year      = {2019},
  edition   = {3rd},
  publisher = {CRC Press},
  address   = {Boca Raton, FL},
  isbn      = {978-0367331242}
}

@book{Cengel:2018,
  author    = {Yunus A. Çengel and Michael A. Boles},
  title     = {Thermodynamics: An Engineering Approach},
  year      = {2018},
  edition   = {9th},
  publisher = {McGraw-Hill Education},
  address   = {New York, NY},
  isbn      = {978-1259666100}
}

@online{EnergiDanmark:2024,
  author    = {Energi Danmark},
  title     = {Elektrisk Energi i Danmark},
  year      = {2024},
  url       = {https://www.energidanmark.dk/elektrisk-energi},
  note      = {Besøgt: 2025-10-08}
}

@report{Krogh:2025,
  author    = {Frederik Krogh},
  title     = {Analyse af Køletekniske Komponenter i Maskinrum},
  institution = {Svendborg Internationale Maritime Academy (SIMAC)},
  year      = {2025},
  type      = {Studierapport},
  note      = {Egen rapport udført som del af maskinmesteruddannelsen}
}

@online{Wikipedia:HeatExchanger,
  author    = {{Wikipedia contributors}},
  title     = {Heat exchanger --- Wikipedia},
  year      = {2025},
  url       = {https://en.wikipedia.org/wiki/Heat_exchanger},
  note      = {Besøgt: 2025-10-08}
}
